@manual{intel2017man,
  author = {{Intel Corporation}},
  title = {Intel 64 and IA-32 Architectures Software Developerâ€™s Manual},
  year = {2016},
  month = apr,
  organization = {Intel Corporation},
  note = {\url{http://www.intel.com/content/www/us/en/processors/architectures-software-developer-manuals.html},
   visited 2017-08-19}
}

@unpublished{binaryExponentiation,
  author = {e-maxx-eng},
  title = {Binary Exponentiation},
  note = {\url{https://cp-algorithms.com/algebra/binary-exp.html#implementation}, visited 2022-7-12},
  month = jun,
  year = {2022}
}

@unpublished{fibonacciNumbers,
  author = {e-maxx-eng},
  title = {Fibonacci Numbers},
  note = {\url{https://cp-algorithms.com/algebra/fibonacci-numbers.html#practice-problems}, visited 2022-7-12},
  month = jun,
  year = {2022}
}

@unpublished{fibonacciMatrix,
  author = {Prof. Dr. Otto Forster},
  title = {Die Fibonacci-Zahlen},
  note = {\url{https://www.mathematik.uni-muenchen.de/~forster/v/zth/inzth_01.pdf}, visited 2022-7-14},
  month = apr,
  year = {2004}
}

@unpublished{binetFormelFibonacci,
  author = {Weisstein, Eric W.},
  title = {Binet's Fibonacci Number Formula},
  note = {\url{https://mathworld.wolfram.com/BinetsFibonacciNumberFormula.html}, visited 2022-7-14},
}

@unpublished{binet,
  author = {Wikipedia},
  title = {Jacques Philippe Marie Binet},
  note = {\url{https://de.m.wikipedia.org/wiki/Jacques_Philippe_Marie_Binet}, visited 2022-7-14},
  month = oct,
  year = {2021}
}

@unpublished{binetFormel,
  author = {Weisstein, Eric W.},
  title = {Binet Forms},
  note = {\url{https://mathworld.wolfram.com/BinetForms.html}, visited 2022-7-14},
}

@unpublished{karatsuba,
  author = {Wikipedia},
  title = {Anatoli Alexejewitsch Karazuba},
  note = {\url{https://de.wikipedia.org/wiki/Anatoli_Alexejewitsch_Karazuba}, visited 2022-7-15},
  month = dec,
  year = {2017}
}

@article{karatsubaArtikel,
  author = {A.Karatsuba, Y.Ofman},
  title = {Multiplication of Many-Digital Numbers by Automatic Computers},
  journal = {Doklady Akademii Nauk SSSR},
  volume = {145},
  number = {2},
  pages = {293-294},
  year = {1962}
}

@unpublished{karatsubaMultiplication,
  author = {Weisstein, Eric W.},
  title = {Karatsuba Multiplication},
  note = {\url{https://mathworld.wolfram.com/KaratsubaMultiplication.html}, visited 2022-7-22},
  month = jul,
  year = {2022}
}


